<?xml version="1.0" encoding="UTF-8"?><collection xmlns="http://www.loc.gov/MARC21/slim"><record><leader>00502nam--2200193-u-4500</leader><controlfield tag="001">000056761</controlfield><controlfield tag="002">20190620</controlfield><controlfield tag="005">20190620043218</controlfield><controlfield tag="008">190620s1000------------r-----000-0-rum-d</controlfield><datafield ind1=" " ind2=" " tag="040"><subfield code="a">IFIN-HH</subfield></datafield><datafield ind1=" " ind2=" " tag="041"><subfield code="a">rum</subfield></datafield><datafield ind1="1" ind2=" " tag="100"><subfield code="a">Grecu, Voicu V</subfield></datafield><datafield ind1="1" ind2="0" tag="245"><subfield code="a">Fizica moleculei. Note de curs</subfield><subfield code="c">Voicu V. Grecu; Andrei Th. Ionescu</subfield></datafield><datafield ind1=" " ind2=" " tag="260"><subfield code="a">Bucuresti</subfield><subfield code="c">1986</subfield></datafield><datafield ind1=" " ind2=" " tag="300"><subfield code="a">215 p</subfield></datafield><datafield ind1=" " ind2=" " tag="500"><subfield code="a">Donatie Gheorghe Dinescu</subfield></datafield><datafield ind1="1" ind2=" " tag="700"><subfield code="a">Ionescu, Andrei Th</subfield></datafield><datafield ind1=" " ind2=" " tag="852"><subfield code="a">82710</subfield><subfield code="c">539</subfield></datafield><datafield ind1=" " ind2=" " tag="CAT"><subfield code="a">SYS</subfield><subfield code="c">20190620</subfield><subfield code="h">043218</subfield></datafield></record></collection>